@book{klaassen1996electronic,
  title={Electronic measurement and instrumentation},
  author={Klaassen, Klaas B},
  year={1996},
  publisher={Cambridge University Press}
}

@misc{amandaghassaei, 
	title = {Arduino Waveform Generator},
    author = {Ghassaei, Amanda},
    year = {2012},
    howpublished = "\url{http://www.instructables.com/id/Arduino-Waveform-Generator/}",
    note = "[Online; accessed 26-Abril-2017]"
    }





